<?xml version="1.0" encoding="UTF-8"?><collection xmlns="http://www.loc.gov/MARC21/slim"><record><leader>00484nam--2200193-i-4500</leader><controlfield tag="001">000044331</controlfield><controlfield tag="002">20161230</controlfield><controlfield tag="005">20161230201044</controlfield><controlfield tag="008">060222s1000------------r-----000-0-rus-d</controlfield><datafield ind1=" " ind2=" " tag="040"><subfield code="a">IFIN-HH</subfield></datafield><datafield ind1=" " ind2=" " tag="041"><subfield code="a">rus</subfield></datafield><datafield ind1=" " ind2=" " tag="080"><subfield code="a">546.291</subfield></datafield><datafield ind1="1" ind2=" " tag="100"><subfield code="a">Tederberg, N.V</subfield></datafield><datafield ind1="1" ind2="0" tag="245"><subfield code="a">Teplofiziceskie svoistva gelia</subfield><subfield code="c">N.v. tederberg; v.n. popov; n.a. morozova</subfield></datafield><datafield ind1=" " ind2=" " tag="260"><subfield code="a">Moskva</subfield><subfield code="c">1961</subfield></datafield><datafield ind1=" " ind2=" " tag="300"><subfield code="a">119P</subfield></datafield><datafield ind1="1" ind2=" " tag="700"><subfield code="a">Morozova, N.A</subfield></datafield><datafield ind1=" " ind2=" " tag="852"><subfield code="a">2563</subfield><subfield code="c">536.7</subfield></datafield><datafield ind1=" " ind2=" " tag="CAT"><subfield code="a">Sys</subfield><subfield code="c">20110512</subfield><subfield code="h">161207</subfield></datafield></record></collection>